<?xml version="1.0" encoding="UTF-8"?>
<collection><record><leader>01535cjm a2200361 a 4500</leader><controlfield tag="005">20200731153716.0</controlfield><controlfield tag="007">sd bmmennmplne</controlfield><controlfield tag="008">930920s1958    ru sy    e              d</controlfield><controlfield tag="001">998370993506421</controlfield><datafield tag="028" ind1="1" ind2="0"><subfield code="a">D-04630</subfield><subfield code="b">Melodii︠a︡</subfield></datafield><datafield tag="028" ind1="1" ind2="0"><subfield code="a">D-04631</subfield><subfield code="b">Melodii︠a︡</subfield></datafield><datafield tag="028" ind1="0" ind2="0"><subfield code="a">33 D 04630-31 (a)</subfield><subfield code="b">Melodii︠a︡</subfield></datafield><datafield tag="035" ind1=" " ind2=" "><subfield code="a">(OCoLC)28931208</subfield><subfield code="0">(uri) http://www.worldcat.org/oclc/28931208</subfield></datafield><datafield tag="035" ind1=" " ind2=" "><subfield code="a">(CStRLIN)NJPG93-R1527</subfield></datafield><datafield tag="035" ind1=" " ind2=" "><subfield code="9">AEE5049TS</subfield></datafield><datafield tag="035" ind1=" " ind2=" "><subfield code="a">837099</subfield></datafield><datafield tag="035" ind1=" " ind2=" "><subfield code="a">(NjP)837099-princetondb</subfield></datafield><datafield tag="040" ind1=" " ind2=" "><subfield code="a">NjP</subfield><subfield code="c">NjP</subfield></datafield><datafield tag="045" ind1="0" ind2=" "><subfield code="b">d1944</subfield></datafield><datafield tag="048" ind1=" " ind2=" "><subfield code="a">oa</subfield></datafield><datafield tag="100" ind1="1" ind2=" "><subfield code="a">Balanchivadze, A.</subfield><subfield code="q">(Andreĭ),</subfield><subfield code="d">1906-1992.</subfield><subfield code="0">http://id.loc.gov/authorities/names/n81071185</subfield><subfield code="0">(uri) http://id.loc.gov/authorities/names/n81071185</subfield><subfield code="0">(uri) http://viaf.org/viaf/sourceID/LC|n81071185</subfield></datafield><datafield tag="240" ind1="1" ind2="0"><subfield code="a">Symphonies,</subfield><subfield code="n">no. 1</subfield></datafield><datafield tag="245" ind1="0" ind2="0"><subfield code="a">1-i︠a︡ simfonii︠a︡</subfield><subfield code="h">[sound recording] /</subfield><subfield code="c">A. Balanchivadze.</subfield></datafield><datafield tag="260" ind1=" " ind2=" "><subfield code="a">[Soviet Union] :</subfield><subfield code="b">Melodii︠a︡,</subfield><subfield code="c">[1958]</subfield></datafield><datafield tag="300" ind1=" " ind2=" "><subfield code="a">1 sound disc :</subfield><subfield code="b">analog, 33¹/₃ rpm ;</subfield><subfield code="c">12 in.</subfield></datafield><datafield tag="500" ind1=" " ind2=" "><subfield code="a">Melodii︠a︡: D-04630 (matrix no.)--D-04631 (matirx no.) (on container: 33 D 04630-31)</subfield></datafield><datafield tag="511" ind1="0" ind2=" "><subfield code="a">Simfonicheskiĭ orkestr Vsesoi︠u︡znogo radio ; A. Gauk, conductor.</subfield></datafield><datafield tag="650" ind1=" " ind2="0"><subfield code="a">Symphonies.</subfield><subfield code="0">http://id.loc.gov/authorities/subjects/sh85131473</subfield><subfield code="0">(uri) http://id.loc.gov/authorities/genreForms/gf2014027121</subfield><subfield code="0">(uri) http://id.loc.gov/authorities/subjects/sh85131473</subfield></datafield><datafield tag="655" ind1=" " ind2="7"><subfield code="a">Symphonies.</subfield><subfield code="2">lcgft</subfield><subfield code="0">http://id.loc.gov/authorities/genreForms/gf2014027121</subfield><subfield code="0">(uri) http://id.loc.gov/authorities/genreForms/gf2014027121</subfield><subfield code="0">(uri) http://id.loc.gov/authorities/subjects/sh85131473</subfield></datafield><datafield tag="700" ind1="1" ind2=" "><subfield code="a">Gauk, Aleksandr,</subfield><subfield code="d">1893-1963.</subfield><subfield code="0">http://id.loc.gov/authorities/names/n83044877</subfield><subfield code="0">(uri) http://id.loc.gov/authorities/names/n83044877</subfield><subfield code="0">(uri) http://viaf.org/viaf/sourceID/LC|n83044877</subfield></datafield><datafield tag="710" ind1="2" ind2=" "><subfield code="a">Vsesoi︠u︡znoe radio.</subfield><subfield code="b">Bolʹshoĭ simfonicheskiĭ orkestr.</subfield><subfield code="0">http://id.loc.gov/authorities/names/n81020297</subfield></datafield><datafield tag="998" ind1=" " ind2=" "><subfield code="a">09/22/93</subfield><subfield code="s">9114</subfield><subfield code="n">NjP</subfield><subfield code="w">NJPG93R1527</subfield><subfield code="d">09/20/93</subfield><subfield code="c">BGN</subfield><subfield code="b">CS</subfield><subfield code="i">930922</subfield><subfield code="l">NJPG</subfield></datafield><datafield tag="911" ind1=" " ind2=" "><subfield code="a">19930930</subfield></datafield><datafield tag="912" ind1=" " ind2=" "><subfield code="a">19930922000000.0</subfield></datafield><datafield tag="950" ind1=" " ind2=" "><subfield code="c">2021-07-31 14:19:50 US/Eastern</subfield><subfield code="b">2021-07-12 15:52:07 US/Eastern</subfield><subfield code="a">false</subfield></datafield><datafield tag="852" ind1="8" ind2="0"><subfield code="b">mendel</subfield><subfield code="c">qk</subfield><subfield code="h">LS- 16526</subfield><subfield code="8">22561746630006421</subfield></datafield><datafield tag="952" ind1=" " ind2=" "><subfield code="a">2021-07-12 19:52:07</subfield><subfield code="8">22561746630006421</subfield><subfield code="b">Mendel Music Library</subfield><subfield code="c">rcpqk: Mendel Remote Storage (ReCAP)</subfield><subfield code="e">false</subfield></datafield><datafield tag="876" ind1=" " ind2=" "><subfield code="0">22561746630006421</subfield><subfield code="a">23561746620006421</subfield><subfield code="j">0</subfield><subfield code="z">IN_RS_REQ</subfield><subfield code="d">2021-07-12 19:52:07</subfield><subfield code="p">32101054047947</subfield><subfield code="t">1</subfield><subfield code="y">RES_SHARE</subfield></datafield></record></collection>